<collection xmlns="http://www.loc.gov/MARC21/slim">
<record>
  <leader>01048ncm0a22002291i 450 </leader>
  <controlfield tag="001">IT\ICCU\CNCE\037031</controlfield>
  <controlfield tag="005">20151125000000.0</controlfield>
  <datafield tag="100" ind1=" " ind2=" ">
    <subfield code="a">19980611d1591        0itac0103    ba</subfield>
  </datafield>
  <datafield tag="101" ind1=" " ind2=" ">
    <subfield code="a">ITA</subfield>
  </datafield>
  <datafield tag="102" ind1=" " ind2=" ">
    <subfield code="a">IT</subfield>
  </datafield>
  <datafield tag="200" ind1="1" ind2=" ">
    <subfield code="a">Rose fresche. Madrigali novi di Giovan de Castro maestro di cappella del serenissimo signore Giouan Gulielmo principe di Cleues, Iulieurs, &amp; deli monti, &amp; c. A tre voci</subfield>
  </datafield>
  <datafield tag="210" ind1=" " ind2=" ">
    <subfield code="a">In Venetia</subfield>
    <subfield code="c">appresso Ricciardo Amadino</subfield>
    <subfield code="d">1591</subfield>
  </datafield>
  <datafield tag="215" ind1=" " ind2=" ">
    <subfield code="a">3 fasc.</subfield>
    <subfield code="d">4ʻ</subfield>
  </datafield>
  <datafield tag="300" ind1=" " ind2=" ">
    <subfield code="a">S, T, B</subfield>
  </datafield>
  <datafield tag="620" ind1=" " ind2=" ">
    <subfield code="a">IT</subfield>
    <subfield code="d">Venezia</subfield>
  </datafield>
  <datafield tag="700" ind1=" " ind2="1">
    <subfield code="a">Castro,</subfield>
    <subfield code="b">Jean de</subfield>
    <subfield code="3">IT\ICCU\CNCA\010395</subfield>
  </datafield>
  <datafield tag="712" ind1="0" ind2="0">
    <subfield code="a">Amadino, Riccardo</subfield>
    <subfield code="3">IT\ICCU\CNCT\000564</subfield>
    <subfield code="4">650</subfield>
  </datafield>
  <datafield tag="801" ind1=" " ind2="3">
    <subfield code="a">IT</subfield>
    <subfield code="b">ICCU</subfield>
    <subfield code="c">20201114</subfield>
  </datafield>
  <datafield tag="899" ind1=" " ind2=" ">
    <subfield code="a">Biblioteca estera - Bayerische StaatsBibliothek. Muenchen</subfield>
    <subfield code="1">AA0008</subfield>
  </datafield>
  <datafield tag="899" ind1=" " ind2=" ">
    <subfield code="a">Museo Internazionale e Biblioteca della Musica. Bologna</subfield>
    <subfield code="z">(B)</subfield>
    <subfield code="1">BO0310</subfield>
    <subfield code="2">UBO BM</subfield>
  </datafield>
  <datafield tag="911" ind1=" " ind2=" ">
    <subfield code="a">Sul front.</subfield>
    <subfield code="9">IT\ICCU\CNCM\002162</subfield>
  </datafield>
  <datafield tag="921" ind1=" " ind2=" ">
    <subfield code="a">IT\ICCU\CNCM\002162</subfield>
    <subfield code="b">Organo con due angeli che suonano strumenti a corda. In cornice figurata.</subfield>
    <subfield code="c">U700</subfield>
    <subfield code="d">Dimensioni: 5,4 x 5,8</subfield>
    <subfield code="f">ORGANO</subfield>
    <subfield code="f">MAGISCORDE</subfield>
    <subfield code="g">1586-1591</subfield>
  </datafield>
</record>
</collection>
